<record><leader>00000cas a2200000 a 4500</leader><controlfield tag="001">15091038</controlfield><controlfield tag="008">870120d196719uuvaumr ne      0   a0eng c</controlfield><datafield ind1=" " ind2=" " tag="010"><subfield code="a">sn 95063007 </subfield></datafield><datafield ind1=" " ind2=" " tag="040"><subfield code="a">KFS</subfield><subfield code="b">eng</subfield><subfield code="c">KFS</subfield><subfield code="d">CNW</subfield><subfield code="d">NVK</subfield><subfield code="d">CVF</subfield><subfield code="d">OCLCQ</subfield><subfield code="d">OCLCO</subfield><subfield code="d">OCLCF</subfield></datafield><datafield ind1="1" ind2=" " tag="029"><subfield code="a">AU@</subfield><subfield code="b">000011501829</subfield></datafield><datafield ind1="1" ind2=" " tag="029"><subfield code="a">ZWZ</subfield><subfield code="b">169038734</subfield></datafield><datafield ind1=" " ind2=" " tag="042"><subfield code="a">pcc</subfield></datafield><datafield ind1=" " ind2=" " tag="043"><subfield code="a">n-us-va</subfield></datafield><datafield ind1="0" ind2="4" tag="245"><subfield code="a">The Virginia weekly.</subfield></datafield><datafield ind1=" " ind2=" " tag="260"><subfield code="a">Charlottesville, Va. :</subfield><subfield code="b">[s.n.],</subfield><subfield code="c">1967-</subfield></datafield><datafield ind1=" " ind2=" " tag="300"><subfield code="a">v. :</subfield><subfield code="b">ill. ;</subfield><subfield code="c">45 cm.</subfield></datafield><datafield ind1=" " ind2=" " tag="310"><subfield code="a">Monthly,</subfield><subfield code="b">&lt;Sept. 1971&gt;-</subfield></datafield><datafield ind1=" " ind2=" " tag="321"><subfield code="a">Weekly (during the regular school term),</subfield><subfield code="b">Feb. 13-&lt;Mar. 13, 1967&gt;</subfield></datafield><datafield ind1="0" ind2=" " tag="362"><subfield code="a">Vol. 1, no. 1 (Feb. 13, 1967)-</subfield></datafield><datafield ind1=" " ind2=" " tag="500"><subfield code="a">"An independent, student operated newspaper at the University of Virginia," &lt;Feb. 13, 1967&gt;- ; "a strong, outspoken voice of the working class," Apr. 1972.</subfield></datafield><datafield ind1=" " ind2=" " tag="588"><subfield code="a">Latest issue consulted: Sept. 1972.</subfield></datafield><datafield ind1="2" ind2="0" tag="610"><subfield code="a">University of Virginia</subfield><subfield code="x">Students</subfield><subfield code="v">Periodicals.</subfield></datafield><datafield ind1=" " ind2="0" tag="650"><subfield code="a">Students</subfield><subfield code="x">Political activity</subfield><subfield code="z">Virginia</subfield><subfield code="z">Charlottesville</subfield><subfield code="v">Periodicals.</subfield></datafield><datafield ind1=" " ind2="0" tag="650"><subfield code="a">Civil rights</subfield><subfield code="z">Virginia</subfield><subfield code="v">Newspapers.</subfield></datafield><datafield ind1=" " ind2="0" tag="650"><subfield code="a">Working class</subfield><subfield code="z">Virginia</subfield><subfield code="v">Newspapers.</subfield></datafield><datafield ind1=" " ind2="0" tag="650"><subfield code="a">Labor</subfield><subfield code="z">Virginia</subfield><subfield code="v">Newspapers.</subfield></datafield><datafield ind1=" " ind2="0" tag="651"><subfield code="a">Charlottesville (Va.)</subfield><subfield code="v">Newspapers.</subfield></datafield><datafield ind1=" " ind2="7" tag="655"><subfield code="a">Newspapers.</subfield><subfield code="2">fast</subfield><subfield code="0">(OCoLC)fst01423814</subfield></datafield><datafield ind1=" " ind2="7" tag="655"><subfield code="a">Periodicals.</subfield><subfield code="2">fast</subfield><subfield code="0">(OCoLC)fst01411641</subfield></datafield><datafield ind1="2" ind2="7" tag="610"><subfield code="a">University of Virginia.</subfield><subfield code="2">fast</subfield><subfield code="0">(OCoLC)fst00532694</subfield></datafield><datafield ind1=" " ind2="7" tag="650"><subfield code="a">Civil rights.</subfield><subfield code="2">fast</subfield><subfield code="0">(OCoLC)fst00862627</subfield></datafield><datafield ind1=" " ind2="7" tag="650"><subfield code="a">Labor.</subfield><subfield code="2">fast</subfield><subfield code="0">(OCoLC)fst00989798</subfield></datafield><datafield ind1=" " ind2="7" tag="650"><subfield code="a">Students.</subfield><subfield code="2">fast</subfield><subfield code="0">(OCoLC)fst01136041</subfield></datafield><datafield ind1=" " ind2="7" tag="650"><subfield code="a">Students</subfield><subfield code="x">Political activity.</subfield><subfield code="2">fast</subfield><subfield code="0">(OCoLC)fst01136098</subfield></datafield><datafield ind1=" " ind2="7" tag="650"><subfield code="a">Working class.</subfield><subfield code="2">fast</subfield><subfield code="0">(OCoLC)fst01180418</subfield></datafield><datafield ind1=" " ind2="7" tag="651"><subfield code="a">Virginia.</subfield><subfield code="2">fast</subfield><subfield code="0">(OCoLC)fst01204597</subfield></datafield><datafield ind1=" " ind2="7" tag="651"><subfield code="a">Virginia</subfield><subfield code="z">Charlottesville.</subfield><subfield code="2">fast</subfield><subfield code="0">(OCoLC)fst01204493</subfield></datafield><datafield ind1=" " ind2=" " tag="752"><subfield code="a">United States</subfield><subfield code="b">Virginia</subfield><subfield code="c">Albemarle</subfield><subfield code="d">Charlottesville.</subfield></datafield></record>